<?xml version="1.0" encoding="UTF-8"?><collection xmlns="http://www.loc.gov/MARC21/slim"><record><leader>00530nam--2200181-u-4500</leader><controlfield tag="001">000050737</controlfield><controlfield tag="002">20161230</controlfield><controlfield tag="005">20161230201048</controlfield><controlfield tag="008">080328s1000------------r-----000-0-eng-d</controlfield><datafield ind1=" " ind2=" " tag="040"><subfield code="a">IFIN-HH</subfield></datafield><datafield ind1=" " ind2=" " tag="080"><subfield code="a">51</subfield></datafield><datafield ind1="1" ind2=" " tag="100"><subfield code="a">Heine,Volker</subfield></datafield><datafield ind1="1" ind2="0" tag="245"><subfield code="a">Group Theory in Quantum Mechanics. An Introduction to its Present Usage</subfield></datafield><datafield ind1=" " ind2=" " tag="260"><subfield code="a">London</subfield><subfield code="b">Pergamon Press</subfield><subfield code="c">1960</subfield></datafield><datafield ind1=" " ind2=" " tag="490"><subfield code="a">International Series of Monographs in Pure and Applied Mathematics</subfield><subfield code="v">Vol.9</subfield></datafield><datafield ind1=" " ind2="4" tag="650"><subfield code="a">Group Theory</subfield></datafield><datafield ind1=" " ind2=" " tag="852"><subfield code="c">51</subfield></datafield><datafield ind1=" " ind2=" " tag="CAT"><subfield code="a">Sys</subfield><subfield code="c">20080328</subfield><subfield code="h">085745</subfield></datafield></record></collection>